@article{Obana2018,
author = {Obana, Sadao},
file = {:C$\backslash$:/Users/tozastation-private/Google ドライブ/Future University Hakodate/研究/研究テーマ決め/iot/Wireless Sensor Network/[関連研究(オフロード)] LoRaWANにおけるネットワーク効率化のためのノードのグループ構成法と通信制御方式.pdf:pdf},
mendeley-groups = {WSN/LoRaWAN},
number = {13},
pages = {1--8},
title = {{LoRaWAN におけるネットワーク効率化のための ノードのグループ構成法と通信制御方式 手柴 瑞基 湯 素華 小花 貞夫 Proposal on Node Grouping and Communication Control for Improving Network Efficiency of LoRaWAN}},
volume = {2018},
year = {2018}
}
@article{Garcia-Espinosa2018,
doi = {10.3390/electronics7120386},
file = {:C$\backslash$:/Users/tozastation-private/Google ドライブ/Future University Hakodate/research{\_}lorawan{\_}network/thesis/bachelor/graduate/A{\_}Study{\_}on{\_}Energy{\_}Efficiency{\_}in{\_}Dense{\_}Wireless{\_}Sensor{\_}Network/Reference/[BLE] Power Consumption Analysis of BLE.pdf:pdf},
issn = {20799292},
journal = {Electronics (Switzerland)},
keywords = {Bluetooth low energy,Internet of things,Power consumption},
mendeley-groups = {WSN/BLE(Bluetooth Low Energy)},
number = {12},
title = {{Power consumption analysis of bluetooth low energy commercial products and their implications for IoT applications}},
volume = {7},
year = {2018}
}
@article{2017,
author = {辻丸勇樹 and 坂本龍一 and 近藤正章 and 中村宏},
doi = {10.22648/ETRI.2017.J.320105},
file = {:C$\backslash$:/Users/tozastation-private/Google ドライブ/Future University Hakodate/研究/研究テーマ決め/iot/Wireless Sensor Network/[関連研究(GW配置)] LPWA通信を利用するIoTプラットフォーム向けの電力効率を考慮したゲートウェイ配置手法の検討.pdf:pdf},
journal = {情報処理学会研究報告会},
mendeley-groups = {WSN/LoRaWAN},
number = {1},
pages = {46--53},
title = {{LPWA通信を利用するIoTプラットフォーム向けの電力効率を考慮したゲートウェイ配置手法の検討}},
volume = {32},
year = {2017}
}
@article{Adelantado2017,
archivePrefix = {arXiv},
arxivId = {1607.08011},
author = {Adelantado, Ferran and Vilajosana, Xavier and Tuset-Peiro, Pere and Martinez, Borja and Melia-Segui, Joan and Watteyne, Thomas},
doi = {10.1109/MCOM.2017.1600613},
eprint = {1607.08011},
file = {:C$\backslash$:/Users/tozastation-private/Google ドライブ/Future University Hakodate/研究/研究テーマ決め/iot/Wireless Sensor Network/[関連研究(LoRaWAN)] Understanding the Limits of LoRaWAN.pdf:pdf},
issn = {01636804},
journal = {IEEE Communications Magazine},
mendeley-groups = {WSN/LoRaWAN},
number = {9},
pages = {34--40},
title = {{Understanding the Limits of LoRaWAN}},
volume = {55},
year = {2017}
}
@article{Farooq2018,
doi = {10.1109/WF-IoT.2018.8355224},
file = {:C$\backslash$:/Users/tozastation-private/Google ドライブ/Future University Hakodate/研究/研究テーマ決め/iot/Wireless Sensor Network/[関連研究(Survey)] Analyzing LoRa A use case perspective.pdf:pdf},
isbn = {9781467399449},
journal = {IEEE World Forum on Internet of Things, WF-IoT 2018 - Proceedings},
keywords = {Internet of Things (IoT),LoRa,Low-Power Wide Area Network (LPWAN)},
mendeley-groups = {WSN/LoRaWAN},
pages = {355--360},
title = {{Analyzing LoRa: A use case perspective}},
volume = {2018-January},
year = {2018}
}
@article{Rizzi2019,
author = {Rizzi, Mattia and Depari, Alessandro and Ferrari, Paolo and Flammini, Alessandra and Rinaldi, Stefano and Sisinni, Emiliano},
doi = {10.1109/TIM.2018.2859639},
file = {:C$\backslash$:/Users/tozastation-private/Google ドライブ/Future University Hakodate/研究/研究テーマ決め/iot/Wireless Sensor Network/[関連研究(同期制御)] Synchronization uncertainty versus power efficiency in LoRaWAN networks.pdf:pdf},
issn = {00189456},
journal = {IEEE Transactions on Instrumentation and Measurement},
keywords = {Chirp spread spectrum,distributed measurement systems,internet of things (IoT),long-range wide area network (LoRaWAN),wireless sensor networks},
mendeley-groups = {WSN/LoRaWAN},
number = {4},
pages = {1101--1111},
title = {{Synchronization Uncertainty Versus Power Efficiency in LoRaWAN Networks}},
volume = {68},
year = {2019}
}
@Misc{lorawanbysoumu,
  title        = "{LoRaWANを牽引する「LoRa」の概要と利用動向}",
  howpublished = "\url{https://www.soumu.go.jp/main_content/000450875.pdf}"
}
@Misc{lorawanbysoracom,
  title        = "{LoRaWANのユースケース}",
  howpublished = "\url{https://soracom.zendesk.com/hc/ja/articles/115001237211-%EF%BC%91%E5%8F%B0%E3%81%AELoRa%E3%82%B2%E3%83%BC%E3%83%88%E3%82%A6%E3%82%A7%E3%82%A4%E3%81%A7%E3%81%A9%E3%82%8C%E3%81%8F%E3%82%89%E3%81%84%E3%81%AE%E3%83%87%E3%83%90%E3%82%A4%E3%82%B9%E3%81%AB%E5%AF%BE%E5%BF%9C%E3%81%A7%E3%81%8D%E3%81%BE%E3%81%99%E3%81%8B-}"
}
@Misc{ble,
  title        = "{Bluetooth 4.0: Low Energy}",
  howpublished = "\url{https://californiaconsultants.org/wp-content/uploads/2014/05/CNSV-1205-Decuir.pdf}"
}